
@string{UTA = "U. Téc. Amb."}

----------------------------------------------------------------------------------------

@online{noauthor_gestion_2018,
	title = {Gestión del agua con fines agrícolas},
	url = {https://www.iaea.org/es/temas/gestion-del-agua-con-fines-agricolas},
	abstract = {Aproximadamente el 70 \% del consumo mundial de agua dulce se concentra en el sector agrícola; sin embargo, en muchos países, la eficiencia en el uso del agua es inferior al 50 \%. Las técnicas nucleares e isotópicas proporcionan datos sobre el uso del agua, entre otras cuestiones, sobre la pérdida de agua a través de la evaporación del suelo, y contribuyen a optimizar la},
	type = {Text},
	urldate = {2023-11-05},
	date = {2018-03-29},
	langid = {spanish},
	note = {Publisher: {IAEA}},
	file = {Snapshot:C\:\\Users\\Usuario\\Zotero\\storage\\87UF6J88\\gestion-del-agua-con-fines-agricolas.html:text/html},
}

@article{c_estudio_2018,
	title = {Estudio del aprovechamiento de agua de riego disponible por unidad de producción agropecuaria, con base en el requerimiento hídrico de cultivos y el área regada, en dos localidades de la Sierra ecuatoriana},
	volume = {5},
	rights = {Derechos de autor 2018 Carlos Nieto C., Erika Pazmiño Ch., Shubert Rosero, Blanca Quishpe},
	issn = {2477-8850},
	url = {https://revistadigital.uce.edu.ec/index.php/SIEMBRA/article/view/1427},
	doi = {10.29166/siembra.v5i1.1427},
	abstract = {Approximately 70\% of all fresh water, one of the most important resources of the planet is used for agricultural activities, and the proportion is very similar in Ecuador. This is enough justification to any research or strategy in order to optimize the available irrigation water utilization. The research goal was to determine the efficiency of available irrigation water utilization per Agricultural Production Unit ({UPA}), in function of the irrigated area and the crop water requirements, in two locations of the Ecuadorian Range Area. The “Porotog” rural Irrigation Board, in Cangagua rural parish, at canton Cayambe, and “San Ramon” community, in Mulaló rural parish, at canton Latacunga. The field work included nine typical production systems, at the research locations. The results showed in Cangagua near of 95\% of the {UPA} do not have enough irrigation water to supply the crop water requirements at the irrigated area. It means that these growers are underusing the irrigation water, because they irrigate more area than it can be irrigated with the available water. On the contrary, in Mulaló, the 85\% of producers are overusing the irrigation water, because they have water in excess for the irrigated area.\&nbsp; The main conclusion of the investigation refers: both the deficit and the excess of irrigation water in the {UPA}, that produce inefficiency in the consumption of this scarce resource, would be the result of equitable distribution of the water in the communities, which does not depend of technical factors like agricultural land available for irrigation, in order to assign the correct amounts of irrigation water.},
	pages = {051--070},
	number = {1},
	journaltitle = {Siembra},
	author = {C, Carlos Nieto and Ch, Erika Pazmiño and Rosero, Shubert and Quishpe, Blanca},
	urldate = {2023-11-04},
	date = {2018-12-12},
	langid = {spanish},
	note = {Number: 1},
	keywords = {demanda hídrica de cultivos},
	file = {Full Text PDF:C\:\\Users\\Usuario\\Zotero\\storage\\FN8KWEAR\\C et al. - 2018 - Estudio del aprovechamiento de agua de riego dispo.pdf:application/pdf},
}

@online{temperatura_nodate,
	title = {Temperatura y altitud por regiones, en Ecuador},
	url = {https://migrasegura.org/informacao/clima-geografia/},
	abstract = {Considera que los climas, la altitud y las temperaturas varían según la región. El clima de Ecuador varía en las diferentes regiones, siendo en general templado, pero con incrementos de frío, calor o lluvia según la zona. Es importante considerar estos cambios de clima al iniciar tu viaje.   Hay principalmente dos temporadas, pero con el […]},
	titleaddon = {{MigraSegura}},
	urldate = {2023-11-23},
	langid = {spanish},
	file = {Snapshot:C\:\\Users\\Usuario\\Zotero\\storage\\TYEVAXWF\\clima-geografia.html:text/html},
}


@online{riego_tecnificado,
	title = {En Ecuador, el riego tecnificado equivale a cultivos más sostenibles y mejor alimentación},
	url = {https://www.bancomundial.org/es/news/feature/2021/07/14/en-ecuador-el-riego-tecnificado-equivale-a-cultivos-m-s-sostenibles-y-mejor-alimentaci-n},
	abstract = {El riego es clave en la calidad de los alimentos que se cultivan. Esto lo saben muy bien Judith, Mercedes, Victor, Diego y Hugo, quienes participan junto a miles de otros productores rurales en un proyecto de irrigación tecnificada en Ecuador.},
	titleaddon = {World Bank},
	urldate = {2023-11-16},
	langid = {spanish},
	file = {Snapshot:C\:\\Users\\Usuario\\Zotero\\storage\\XDGQI9C7\\en-ecuador-el-riego-tecnificado-equivale-a-cultivos-m-s-sostenibles-y-mejor-alimentaci-n.html:text/html},
}

@inproceedings{hasan_implementation_2018,
	location = {Kitakyushu, Japan},
	title = {Implementation of Fuzzy Logic in Autonomous Irrigation System for Efficient Use of Water},
	isbn = {978-1-5386-5163-6},
	url = {https://ieeexplore.ieee.org/document/8641017/},
	doi = {10.1109/ICIEV.2018.8641017},
	abstract = {This paper is focused on application of fuzzy logic to control an automatic irrigation system. In organic way, an experienced human farmer can manage the irrigation system by sensing soil moisture by fingertip and decide the estimated timing as well as water flow rate for irrigation. This system will do everything on behalf of human. The moisture sensor of the irrigation control system has a nonlinear response and a significant time delay; it can be difficult to get satisfactory results by using a regular feedback control system. As fuzzy logic system is able to mimic human reasoning and decision making, it can improvise the regular feedback system for decision making. Data from soil moisture sensors will be used as inputs to the system. The fuzzy control system will process the estimated soil moisture contents from multiple section of land. It will use linguistic knowledge to produce a control output that is sent to a motor, which controls the water flow rate from a static water source to the land of cultivation. The control unit will also control a pump which will fill up the source/water tank. A data set will also be used to make different output for different plants. In many researches, efficiency of the fuzzy logic control system has been measured and got the satisfactory output. Here, in our project we are going take multiple values of single type of input factor and making result by using fuzzy logic to the values.},
	eventtitle = {2018 Joint 7th International Conference on Informatics, Electronics \& Vision ({ICIEV}) and 2018 2nd International Conference on Imaging, Vision \& Pattern Recognition ({icIVPR})},
	pages = {234--238},
	booktitle = {2018 Joint 7th International Conference on Informatics, Electronics \& Vision ({ICIEV}) and 2018 2nd International Conference on Imaging, Vision \& Pattern Recognition ({icIVPR})},
	publisher = {{IEEE}},
	author = {Hasan, Md Fuad and Mahbubul Haque, Mohammad and Khan, Mahbubur Rahman and Ismat Ruhi, Raihana and Charkabarty, Amitabha},
	urldate = {2023-11-30},
	date = {2018-06},
	langid = {english},
	file = {Hasan et al. - 2018 - Implementation of Fuzzy Logic in Autonomous Irriga.pdf:C\:\\Users\\Usuario\\Zotero\\storage\\3KC7CWYV\\Hasan et al. - 2018 - Implementation of Fuzzy Logic in Autonomous Irriga.pdf:application/pdf},
}

@article{noauthor_fuzzy_2023,
	title = {Fuzzy based Irrigation Control System for Indian Subcontinent},
	volume = {82},
	issn = {00224456, 09751084},
	url = {http://op.niscpr.res.in/index.php/JSIR/article/view/71761},
	doi = {10.56042/jsir.v82i03.71761},
	abstract = {Water resource usage should be optimized as there is always a scarcity. This paper aims to provide an efficient way of water using sense and weather data and implementing a fuzzy decision model. An automated intelligent watering system is proposed in this paper using the internet of things and fuzzy logic. The weather data, coupled with Temperature, Relative Humidity, and soil moisture sensor data, is used to decide whether to switch on/off the motor. In-house-created prototypes of ground-moving robots have soil moisture, digital humidity, and temperature sensors implanted in them. The soil moisture sensor is attached to the Rack and pinion mechanism. The soil moisture sensor is pushed into the soil when the pinion rotates. It minimizes the use of sensors by using a distributed sensing method. Based on data obtained from sensors and meteorological information, the system will use this information to decide whether to Switch on/off the sprinkler motor. A fuzzy logic-based system decision is implemented on the input sensor and weather data, and the model will decide to switch on/off the actuator. An accuracy of 97\% is achieved. The Android app is used to visualize sensor data, based on which the farmer can manually control the motor.},
	number = {3},
	journaltitle = {Journal of Scientific \& Industrial Research},
	shortjournal = {{JSIR}},
	urldate = {2023-11-30},
	date = {2023-03},
	langid = {english},
	file = {2023 - Fuzzy based Irrigation Control System for Indian S.pdf:C\:\\Users\\Usuario\\Zotero\\storage\\5I6RTRFM\\2023 - Fuzzy based Irrigation Control System for Indian S.pdf:application/pdf},
}

@article{haiyan_intelligent_2022,
	title = {Intelligent water resources management platform for precision irrigation agriculture based on Internet of things},
	issn = {0941-0643, 1433-3058},
	url = {https://link.springer.com/10.1007/s00521-022-07902-1},
	doi = {10.1007/s00521-022-07902-1},
	abstract = {When designing an agricultural intelligent water resources management platform, plant growth information, temperature and humidity, and other environmental information have an important impact on the effect of precision irrigation. How to build a more accurate agricultural irrigation control system and design an intelligent water resources management platform need to be further studied. This paper introduces the deﬁnition and characteristics of Internet of Things technology, explains the principle of the {PID} control algorithm in detail, and uses the method based on digital image processing to analyse crop growth information. Before image analysis, the image needs to be preprocessed, and the soil temperature and humidity measurement control algorithm model is constructed. By using fuzzy control logic, the precision irrigation strategy is designed according to the collected temperature, humidity, and plant water shortage. This paper analyses the requirements of the platform, designs functional modules such as data sensing modules, communication transmission modules, central processing modules, and mechanical control modules, and introduces the hardware system and software system of the platform. Finally, the response time of temperature and humidity sensors under different acquisition modes is tested and analysed. Through a multi-hop network experiment, the relationship between success rate and distance, communication distance, and {RSSI} value is tested, which veriﬁes the stability and reliability of the communication network of the whole system.},
	journaltitle = {Neural Computing and Applications},
	shortjournal = {Neural Comput \& Applic},
	author = {Haiyan, Zheng and Yanhui, Cheng},
	urldate = {2023-11-30},
	date = {2022-11-07},
	langid = {english},
	file = {Haiyan y Yanhui - 2022 - Intelligent water resources management platform fo.pdf:C\:\\Users\\Usuario\\Zotero\\storage\\G7BIF86T\\Haiyan y Yanhui - 2022 - Intelligent water resources management platform fo.pdf:application/pdf},
}

@article{munir_intelligent_2019,
	title = {An intelligent and secure smart watering system using fuzzy logic and blockchain},
	volume = {77},
	issn = {00457906},
	url = {https://linkinghub.elsevier.com/retrieve/pii/S0045790618328581},
	doi = {10.1016/j.compeleceng.2019.05.006},
	pages = {109--119},
	journaltitle = {Computers \& Electrical Engineering},
	shortjournal = {Computers \& Electrical Engineering},
	author = {Munir, M. Safdar and Bajwa, Imran Sarwar and Cheema, Sehrish Munawar},
	urldate = {2023-11-30},
	date = {2019-07},
	langid = {english},
	file = {Munir et al. - 2019 - An intelligent and secure smart watering system us.pdf:C\:\\Users\\Usuario\\Zotero\\storage\\JT9CUWPQ\\Munir et al. - 2019 - An intelligent and secure smart watering system us.pdf:application/pdf},
}

@article{krishnan_fuzzy_2020,
	title = {Fuzzy Logic based Smart Irrigation System using Internet of Things},
	volume = {252},
	issn = {09596526},
	url = {https://linkinghub.elsevier.com/retrieve/pii/S0959652619347729},
	doi = {10.1016/j.jclepro.2019.119902},
	abstract = {Traditional agricultural systems require huge amount of power for ﬁeld watering. This paper proposes a smart irrigation system that helps farmers water their agricultural ﬁelds using Global System for Mobile Communication ({GSM}). This system provides acknowledgement messages about the job’s statuses such as humidity level of soil, temperature of surrounding environment, and status of motor regarding main power supply or solar power. Fuzzy logic controller is used to compute input parameters (e.g. soil moisture, temperature and humidity) and to produce outputs of motor status. In addition, the system also switches off the motor to save the power when there is an availability of rain and also prevents the crop using panels from unconditional rain. The comparison is made between the proposed system, drip irrigation and manual ﬂooding. The comparison results prove that water and power conservation are obtained through the proposed smart irrigation system.},
	pages = {119902},
	journaltitle = {Journal of Cleaner Production},
	shortjournal = {Journal of Cleaner Production},
	author = {Krishnan, R. Santhana and Julie, E. Golden and Robinson, Y. Harold and Raja, S. and Kumar, Raghvendra and Thong, Pham Huy and Son, Le Hoang},
	urldate = {2023-11-30},
	date = {2020-04},
	langid = {english},
	file = {Krishnan et al. - 2020 - Fuzzy Logic based Smart Irrigation System using In.pdf:C\:\\Users\\Usuario\\Zotero\\storage\\5LNGI2FK\\Krishnan et al. - 2020 - Fuzzy Logic based Smart Irrigation System using In.pdf:application/pdf},
}

@article{al-ali_iot-solar_2019,
	title = {{IoT}-solar energy powered smart farm irrigation system},
	volume = {17},
	issn = {1674862X},
	url = {https://linkinghub.elsevier.com/retrieve/pii/S1674862X20300148},
	doi = {10.1016/j.jnlest.2020.100017},
	abstract = {As the Internet of things ({IoT}) technology is evolving, distributed solar energy resources can be operated, monitored, and controlled remotely. The design of an {IoT} based solar energy system for smart irrigation is essential for regions around the world, which face water scarcity and power shortage. Thus, such a system is designed in this paper. The proposed system utilizes a single board system-on-a-chip controller (the controller hereafter), which has built-in {WiFi} connectivity, and connections to a solar cell to provide the required operating power. The controller reads the ﬁeld soil moisture, humidity, and temperature sensors, and outputs appropriate actuation command signals to operate irrigation pumps. The controller also monitors the underground water level, which is essential to prevent the pump motors from burning due to the level in the water well. The proposed system has three modes of operations, i.e. the local control mode, mobile monitoringcontrol mode, and fuzzy logic-based control mode. For the purpose of the proposed system validation, a prototype was designed, built, and tested.},
	pages = {100017},
	number = {4},
	journaltitle = {Journal of Electronic Science and Technology},
	shortjournal = {Journal of Electronic Science and Technology},
	author = {Al-Ali, A.R. and Al Nabulsi, Ahmad and Mukhopadhyay, Shayok and Awal, Mohammad Shihab and Fernandes, Sheehan and Ailabouni, Khalil},
	urldate = {2023-11-30},
	date = {2019-12},
	langid = {english},
	file = {Al-Ali et al. - 2019 - IoT-solar energy powered smart farm irrigation sys.pdf:C\:\\Users\\Usuario\\Zotero\\storage\\Z5B39JFP\\Al-Ali et al. - 2019 - IoT-solar energy powered smart farm irrigation sys.pdf:application/pdf},
}

@article{salazar_irrigation_2013,
	title = {Irrigation System through Intelligent Agents Implemented with Arduino Technology},
	volume = {2},
	issn = {2255-2863},
	url = {https://revistas.usal.es/index.php/2255-2863/article/view/ADCAIJ2014262936},
	doi = {10.14201/ADCAIJ2014262936},
	abstract = {The water has become in recent years a valuable and increasingly scarce. Its proper use in agriculture has demanded incorporate new technologies, mainly in the area of {ICT}. In this paper we present a smart irrigation system based on multi-agent architecture using fuzzy logic. The architecture incorporates different types of intelligent agents that an autonomous way monitor and are responsible for deciding if required enable / disable the irrigation system. This project proposes a real and innovative solution to the problem of inadequate water use with current irrigation systems employed in agricultural projects. This article presents the different technologies used, their adaptation to the solution of the problem and briefly discusses the first results obtained.},
	pages = {29--36},
	number = {3},
	journaltitle = {{ADCAIJ}: Advances in Distributed Computing and Artificial Intelligence Journal},
	shortjournal = {{ADCAIJ}},
	author = {Salazar, Rodolfo and Rangel, José Carlos and Pinzón, Cristian and Rodríguez, Abel},
	urldate = {2023-11-30},
	date = {2013-11-25},
	langid = {english},
	file = {Salazar et al. - 2013 - Irrigation System through Intelligent Agents Imple.pdf:C\:\\Users\\Usuario\\Zotero\\storage\\JG4F583N\\Salazar et al. - 2013 - Irrigation System through Intelligent Agents Imple.pdf:application/pdf},
}


@article{benyezza_zoning_2021,
	title = {Zoning irrigation smart system based on fuzzy control technology and {IoT} for water and energy saving},
	volume = {302},
	issn = {09596526},
	url = {https://linkinghub.elsevier.com/retrieve/pii/S0959652621012208},
	doi = {10.1016/j.jclepro.2021.127001},
	abstract = {Information and communication technologies play an important role in reforming traditional agriculture as well as agricultural development. In this context and to beneﬁt from these technologies, a new irrigation strategy is proposed in this paper. A zoning irrigation system based on Internet of Things ({IoT}) is developed and tested, where the main objectives are the optimization of plant growing conditions and the reduction of water use and energy consumption. The proposed system based on a Wireless Sensors Network ({WSN}) was installed in different considered zones of a greenhouse. This network sends the data from the plant environment, such as soil humidity and temperature to a server (Raspberry pi) by means of radio-frequency ({RF}) communication. To control the irrigation, a fuzzy logic controller ({FLC}) processes these data and makes an intelligent and optimal decision. The developed system can monitor and control the irrigation in the greenhouse from anywhere and at any time by using a Human Man Interface ({HMI}) developed under Node-{RED} of {IBM}. The proposed system was applied to irrigate tomato plants in a real environment. Comparison of the irrigation performance with three other irrigation techniques shows that the amount of water and the consumption of energy by adopting the proposed method decreased signiﬁcantly.},
	pages = {127001},
	journaltitle = {Journal of Cleaner Production},
	shortjournal = {Journal of Cleaner Production},
	author = {Benyezza, Hamza and Bouhedda, Mounir and Rebouh, Samia},
	urldate = {2023-11-30},
	date = {2021-06},
	langid = {english},
	file = {Benyezza et al. - 2021 - Zoning irrigation smart system based on fuzzy cont.pdf:C\:\\Users\\Usuario\\Zotero\\storage\\C7K3GCJ2\\Benyezza et al. - 2021 - Zoning irrigation smart system based on fuzzy cont.pdf:application/pdf},
}

@article{mohammed_intelligent_nodate,
	title = {An intelligent irrigation system based on fuzzy logic control: A case study for Moroccan oriental climate region},
	abstract = {Existing traditional agricultural systems consume an enormous amount of water and energy, with more than 69\% of the world's freshwater volume attributed to agriculture. This fact leads to a degradation of water levels in several aquifers, as well as water quality. In Morocco, agriculture consumes about 88\% of water resources, and the management of these resources is a significant issue, especially after the decline in rainfall rates in recent years. Designing an irrigation system that reduces water losses and evapotranspiration losses is the key to sustainable precision irrigation. This paper proposes an irrigation system based on an intelligent and efficient strategy for the automatic watering of agricultural areas and more adapted to the climatic conditions of Oriental Morocco. The system uses fuzzy logic to decide the duration of watering in an adaptive and precise way. Weather conditions (air temperature and solar radiation) and soil moisture (water content) are the inputs to the fuzzy system. The acquisition of these data is made by analog and digital sensors. The variables are fuzzified using trapezoidal and triangular membership functions. In the Fuzzification step, the Max-Min inference engine and the Mamdani rule base are used to decide the best decision for each given situation. The control strategy was implemented in the Arduino Uno R3 board. Typical three-day data from the summer and fall seasons were used to validate the proposed system. The simulation results showed that the proposed irrigation system maintains the soil moisture above the user-defined value and eliminates the under-irrigation risk.},
	author = {Mohammed, Benzaouia and Bekkay, Hajji and Migan-Dubois, Anne and Adel, Mellit and Rabhi, Abdelhamid},
	langid = {english},
	file = {Mohammed et al. - An intelligent irrigation system based on fuzzy lo.pdf:C\:\\Users\\Usuario\\Zotero\\storage\\C9RC2FMR\\Mohammed et al. - An intelligent irrigation system based on fuzzy lo.pdf:application/pdf},
}

@unpublished{mohammed_intelligent_2021,
	title = {An intelligent irrigation system based on fuzzy logic control: A case study for Moroccan oriental climate region},
	url = {https://hal.science/hal-03312289},
	shorttitle = {An intelligent irrigation system based on fuzzy logic control},
	abstract = {Existing traditional agricultural systems consume an enormous amount of water and energy, with more than 69\% of the world's freshwater volume attributed to agriculture. This fact leads to a degradation of water levels in several aquifers, as well as water quality. In Morocco, agriculture consumes about 88\% of water resources, and the management of these resources is a significant issue, especially after the decline in rainfall rates in recent years. Designing an irrigation system that reduces water losses and evapotranspiration losses is the key to sustainable precision irrigation. This paper proposes an irrigation system based on an intelligent and efficient strategy for the automatic watering of agricultural areas and more adapted to the climatic conditions of Oriental Morocco. The system uses fuzzy logic to decide the duration of watering in an adaptive and precise way. Weather conditions (air temperature and solar radiation) and soil moisture (water content) are the inputs to the fuzzy system. The acquisition of these data is made by analog and digital sensors. The variables are fuzzified using trapezoidal and triangular membership functions. In the Fuzzification step, the Max-Min inference engine and the Mamdani rule base are used to decide the best decision for each given situation. The control strategy was implemented in the Arduino Uno R3 board. Typical three-day data from the summer and fall seasons were used to validate the proposed system. The simulation results showed that the proposed irrigation system maintains the soil moisture above the user-defined value and eliminates the under-irrigation risk.},
	author = {Mohammed, Benzaouia and Bekkay, Hajji and Migan-Dubois, Anne and Adel, Mellit and Rabhi, Abdelhamid},
	urldate = {2023-12-14},
	date = {2021-04},
	note = {Published: 2nd international conference on Embedded Systems and Artificial Intelligence ({ESAI}'21)},
	keywords = {Drip irrigation, Fuzzy logic, Irrigation strategy, Smart irrigation, Water saving},
	file = {Full Text PDF:C\:\\Users\\Usuario\\Zotero\\storage\\PRNTV2K3\\Mohammed et al. - 2021 - An intelligent irrigation system based on fuzzy lo.pdf:application/pdf},
}


@article{neugebauer_fuzzy_2023,
	title = {Fuzzy logic control for watering system},
	volume = {13},
	issn = {2045-2322},
	url = {https://www.nature.com/articles/s41598-023-45203-2},
	doi = {10.1038/s41598-023-45203-2},
	abstract = {Abstract
            A two-dimensional finite element ({FEM}) model was developed to simulate water propagation in soil during irrigation. The first dimension was water distribution depth in soil, and the second dimension was time. The developed model was tested by analyzing water distribution in a conventional (clock-controlled) irrigation model. The values in the conventional model were calculated based on the literature. The results were consistent with the results obtained from the model. In the next step, a fuzzy logic model for irrigation control was developed. The input variables were ambient temperature, soil moisture content and time of day (which is related to solar radiation and evapotranspiration), and the output variable was irrigation intensity. The fuzzy logic control ({FLC}) model was tested by simulating water distribution in soil and comparing water consumption in both models. The study demonstrated that the depth of the soil moisture sensor affected water use in the fuzzy logic-controlled irrigation system relative to the conventional model. Water consumption was reduced by around 12\% when the soil moisture sensor was positioned at an optimal depth, but it increased by around 20\% when sensor depth was not optimal. The extent to which the distribution of fuzzy variables affects irrigation performance was examined, and the analysis revealed that inadequate distribution of fuzzy variables in the irrigation control system can increase total water consumption by up to 38\% relative to the conventional model. It can be concluded that a fuzzy logic-controlled irrigation system can reduce water consumption, but the system’s operating parameters should be always selected based on an analysis of local conditions to avoid an unintended increase in water use. A well-designed {FLC} can decrease water use in agriculture (thus contributing to rational management of scarce water resources), decrease energy consumption, and reduce the risk of crop pollution with contaminated groundwater.},
	pages = {18485},
	number = {1},
	journaltitle = {Scientific Reports},
	shortjournal = {Sci Rep},
	author = {Neugebauer, Maciej and Akdeniz, Cengiz and Demir, Vedat and Yurdem, Hüseyin},
	urldate = {2023-11-30},
	date = {2023-10-28},
	langid = {english},
	file = {Neugebauer et al. - 2023 - Fuzzy logic control for watering system.pdf:C\:\\Users\\Usuario\\Zotero\\storage\\JNKPWAGQ\\Neugebauer et al. - 2023 - Fuzzy logic control for watering system.pdf:application/pdf},
}


@article{widyawati_fuzzy_2022,
	title = {Fuzzy Logic Design to Control the Duration of Irrigation Time in the Greenhouse},
	volume = {1012},
	issn = {1755-1307, 1755-1315},
	url = {https://iopscience.iop.org/article/10.1088/1755-1315/1012/1/012086},
	doi = {10.1088/1755-1315/1012/1/012086},
	abstract = {Automatic irrigation is not new, this method has been invented by mankind to irrigate large areas of land through drip irrigation systems. The system is implemented to reduce water wastage in irrigation. In greenhouse irrigation control, computerized control is very important to increase productivity. On the other hand, conventional irrigation control in greenhouses is not effective, because it is based on on-off or proportional control. This paper presents a solution to control irrigation time duration based on fuzzy logic method. Fuzzy logic controller ({FLC}) was developed using the Mamdani method. {FLC} is built on the {NodeMCU} {ESP}8266 board mounted with a {DHT}22 and soil moisture sensor. Temperature and water content in the soil parameters are used as input for fuzzy logic to determine the duration of irrigation time. The linguistic values used as fuzzy membership functions include soil moisture (water, wet, dry), temperature (cold, normal, hot), and watering time (zero, short, medium, long). Based on the membership function, 9 fuzzy rule bases are determined. The testing results on fuzzy logic built on {NodeMCU} {ESP}8266 with fuzzy logic built on {MATLAB} software obtained an average error of 0.59\%.},
	pages = {012086},
	number = {1},
	journaltitle = {{IOP} Conference Series: Earth and Environmental Science},
	shortjournal = {{IOP} Conf. Ser.: Earth Environ. Sci.},
	author = {Widyawati, D K and Ambarwari, A},
	urldate = {2023-11-30},
	date = {2022-04-01},
	langid = {english},
	file = {Widyawati y Ambarwari - 2022 - Fuzzy Logic Design to Control the Duration of Irri.pdf:C\:\\Users\\Usuario\\Zotero\\storage\\IM6M3FHL\\Widyawati y Ambarwari - 2022 - Fuzzy Logic Design to Control the Duration of Irri.pdf:application/pdf},
}


@article{kumar_irrigation_2020,
	title = {Irrigation control system‐data gathering in {WSN} using {IOT}},
	volume = {33},
	issn = {1074-5351, 1099-1131},
	url = {https://onlinelibrary.wiley.com/doi/10.1002/dac.4563},
	doi = {10.1002/dac.4563},
	abstract = {Agriculture plays an important role in the growth of agriculture nation like India. The main source of water is essential for agriculture. The irrigation process supplies water, but sometimes the wastage of water may occur. For this reason, the irrigation control scheme in wireless sensor network ({WSN}) using Internet of things ({IoT}) is developed to save water and time. This paper presents an {ANFIS}-{PEGASIS}: Irrigation control system-data gathering in {WSN} using {IoT}. The process of the fuzzy inference system ({FIS}) is utilized for an optimum cluster head ({CH}) selection that depends on the distance and residual energy. After that, the power-efficient gathering in sensor information system ({PEGASIS}) is used for the data collecting process in irrigation structure. {PEGASIS} is to make a chain between the sensor nodes ({SNs}), and every node communicates to the {CH}, and it's transferring the data to the base station ({BS}). Finally, the decision-making process can be implemented by adaptive {neuroFIS} ({ANFIS}) for the automated irrigation process. {ANFIS} is a useful tool for the decision-making process. Here, based on the information delivered by the sensors, the decisions are generated using {ANFIS} for the irrigation system. In the system, the various sensors like humidity, temperature, light intensity, and soil moisture are utilized to sense the different parameters of soil. Based on the value of soil moisture, the land becomes automatically irrigated by {ON}/{OFF}, the lamp, and the water pump. The simulation outcomes show that the developed ({ANFIS}-{PEGASIS}) technique outperforms other recent approaches.},
	pages = {e4563},
	number = {16},
	journaltitle = {International Journal of Communication Systems},
	shortjournal = {Int J Communication},
	author = {Kumar, Kurakula Arun and Jayaraman, Karthikeyan},
	urldate = {2023-11-30},
	date = {2020-11-10},
	langid = {english},
	file = {Kumar y Jayaraman - 2020 - Irrigation control system‐data gathering in WSN us.pdf:C\:\\Users\\Usuario\\Zotero\\storage\\BYXILI9G\\Kumar y Jayaraman - 2020 - Irrigation control system‐data gathering in WSN us.pdf:application/pdf},
}

@thesis{alcivar_dominguez_sistema_2018,
	title = {Sistema automatizado de riego basado en sensorización en los cultivos de ciclo corto en el sector la pastora - cantón Tosagua},
	rights = {{openAccess}},
	url = {http://repositorio.espam.edu.ec/handle/42000/859},
	abstract = {La necesidad de aumentar producción agrícola con la utilización de menos recursos se ha convertido en una condición prioritaria, pero para que ello sea posible, entre otras, es preciso gestionar la cantidad de agua que necesitan los cultivos. Este proyecto de titulación presenta el desarrollo de un sistema automatizado de riego basado en la sensorización de cultivos de ciclo corto en el sector La Pastora - cantón Tosagua, cuyo fin principal es la optimización en la utilización del agua. Para el desarrollo del prototipo de la automatización se utilizó la metodología de Hardware Libre que posee tres procesos: planificación del diseño, fabricación y pruebas del dispositivo, en complemento con la evaluación del terreno donde se implementaría y las asesorías técnicas especializadas recibidas por los expertos tanto en sistemas de riego como en automatización. El dispositivo final se instaló en el terreno seleccionado y controló la irrigación del cultivo desde la siembra hasta la cosecha contemplada entre los meses de junio a septiembre de 2018, recopilando datos como: humedad del suelo, humedad ambiental, temperatura, entre otros. La visualización de los datos se lo hizo mediante una aplicación de escritorio desarrollada utilizado la metodología Cascada, esta aplicación facilitó el análisis de los datos que demuestran entre sus principales resultados que se logró la disminución del 37.27\% en el consumo de agua, generando un ahorro de \$1.43 por aspersor y una ganancia extra de \$343 por hectáreas con respecto al sistema de riego tradicional, además hubo una mejora del 7.53\% de la productividad. Los resultados presentados demuestran que es necesaria la intervención en el sector agroproductivo con procesos automatizados como una herramienta para mejorar la productividad y disminuir los costos.},
	institution = {Calceta: {ESPAM} {MFL}},
	type = {{bachelorThesis}},
	author = {Alcívar Domínguez, Christian Eduardo and Vallejo Aguilar, Cristhian Alexander},
	urldate = {2023-12-04},
	date = {2018-11},
	note = {Accepted: 2018-12-27T19:35:07Z},
	file = {Full Text PDF:C\:\\Users\\Usuario\\Zotero\\storage\\KD3BA6V2\\Alcívar Domínguez y Vallejo Aguilar - 2018 - Sistema automatizado de riego basado en sensorizac.pdf:application/pdf},
}


@thesis{lema_holguin_implementacion_2018,
	title = {Implementación de un sistema automático de riego por goteo.},
	url = {http://dspace.espoch.edu.ec/handle/123456789/8056},
	abstract = {This research had as objective the cultivation of Daniela variety tomato based on the hydroponic 
agriculture through an automatic drip irrigation system fuzzy control. The input variable was defined 
(temperature, humidity, Ph, electric conductivity of the substrate) and output (irrigation water, 
nutrient solution) to study the technical characteristics of sensors and actuators used in these systems; 
with the aim of monitoring and experiment the changes of the variables, to know the efficiency of 
the efficiency of the controller against the disturbance of the environment and physiological needs 
of the crop. Relevant data were obtained to know if the fuzzy controller is optimal or not. The fuzzy 
control rules were modified with the experimentation to get a better system responsiveness. The 
design determined that the type of controller is of a closed loop with proportional control through an 
interference engine based on the Mandami algorithm. The obtained results were: Water consumption 
per liters 135 liters/day and nutrient 40 liters/day average in a crop of 144 plants; the diameters of 
the tomatoes vary from 3 1/2” a 4” in its first harvest on the 11 weeks after transplantation. The data 
collection allows knowing the following mode values in the error of temperature +0.38°C, humidity 
-1.8\%, {pH} +1 unit, the electric conductivity of -588 {uS}/cm. Concluding that through a controller 
based on fuzzy logic allows that the irrigation of nutrient solution or water will be in the quantity and 
in the time that the plant requires; obtaining in this way products with larger diameter and juicy in 
less time comparing with other crops; and thus manage the measurement variables within the range 
of optimal errors. It is recommended that the fertilizer tank has a recirculation system to not allow 
the nutrient salts settlement.},
	institution = {Escuela Superior Politécnica de Chimborazo},
	type = {{masterThesis}},
	author = {Lema Holguín, Iván Moisés},
	urldate = {2023-12-04},
	date = {2018-01},
	note = {Accepted: 2018-02-22T18:48:44Z},
	file = {Full Text PDF:C\:\\Users\\Usuario\\Zotero\\storage\\TTN755VS\\Lema Holguín - 2018 - Implementación de un sistema automático de riego p.pdf:application/pdf},
}


@thesis{canizares_sinailin_aplicacion_2016,
	title = {Aplicación de un sistema acondicionador de variables para el cultivo de tomate rojo bajo invernadero mediante lógica difusa},
	rights = {{openAccess}},
	url = {http://dspace.ups.edu.ec/handle/123456789/11609},
	abstract = {El presente proyecto tuvo como propósito diseñar e implementar un control automatizado mediante lógica difusa de los sistemas de riego y ventilación para el cultivo de tomate rojo bajo invernadero, para lo cual se realizó una revisión de los temas relacionados con las condiciones climáticas y su influencia en la producción de tomate rojo y que sirvió de base teórica. Además se realizó pruebas de campo, análisis de datos y gráficas tanto de temperatura ambiente y humedad del suelo, con lo cual se determinó que con un solo sensor es suficiente para cada variable a controlar. 
En este proyecto se utilizó un {PLC} Siemens S7-1200, {CPU} 1214C ({AC}/{DC}/{RY}) ya que por las características técnicas, este se acopló a las necesidades del proyecto, además el software propio de esta marca, {TIA} {PORTAL}, tiene un fácil manejo. El {PLC} recibe en sus entradas las señales acondicionadas provenientes de los sensores, procesa la información y la envía hacia los elementos de control, maniobra y señalización conectados en sus salidas, dando como resultado el control de las variables. 
Se obtuvieron indicadores que al ser analizados y contrastados, entregaron como resultado una mejor calidad y un mayor índice de producción en la cosecha de la parte automatizada respecto a la tradicional.},
	type = {{bachelorThesis}},
	author = {Cañizares Sinailin, Norma Angélica and Bedoya Páez, Moises Ezequiel},
	urldate = {2023-11-30},
	date = {2016-01},
	note = {Accepted: 2016-02-19T16:36:35Z},
	file = {Full Text PDF:C\:\\Users\\Usuario\\Zotero\\storage\\EEB2IUIX\\Cañizares Sinailin y Bedoya Páez - 2016 - Aplicación de un sistema acondicionador de variabl.pdf:application/pdf},
}


@thesis{ayovi_ayovi_automatizacion_2023,
	title = {Automatización de un sistema de riego por aspersión},
	rights = {{openAccess}},
	url = {http://dspace.ups.edu.ec/handle/123456789/24965},
	abstract = {The present degree work tries to carry out an implementation of an automated sprinkler irrigation system, using different study areas such as automation, design and programming, which constitute fundamental pillars in the Mechatronics Engineering career, applying technical knowledge in an agricultural process, by means of an on-off controller, which will make the hydraulic and electrical part work together to comply with the requirements of the crop. The approach that is taken for the development of this project is given through the elaboration of hydraulic and electrical calculations, which allow the sizing and selection of all the components that participate in the automated sprinkler irrigation system, to then give way to {PLC} programming and controller on-off. Finally, the information presented in the implementation, tests and results will demonstrate that mechatronic technology and agriculture have a directly beneficial relationship for civil society and the scientific community.},
	type = {{bachelorThesis}},
	author = {Ayoví Ayoví, Axel Jampier and Montalvo Ureta, Michael Eduardo},
	urldate = {2023-11-30},
	date = {2023},
	note = {Accepted: 2023-06-08T19:58:13Z},
	file = {Full Text PDF:C\:\\Users\\Usuario\\Zotero\\storage\\LNV46ZIX\\Ayoví Ayoví y Montalvo Ureta - 2023 - Automatización de un sistema de riego por aspersió.pdf:application/pdf},
}


@article{acuna_melo_desarrollo_2022,
	title = {Desarrollo de un sistema inteligente para el riego, usando el microcontrolador {ESP}8266 para automatizar el uso del agua en los cultivos de tipo tubérculo},
	rights = {info:eu-repo/semantics/{openAccess}},
	url = {http://repositorio.utp.edu.pe/handle/20.500.12867/6739},
	abstract = {En esta investigación se desarrolló un sistema inteligente para el riego, siguiendo el concepto de Internet de las Cosas ({IoT}) logrando una interconexión de sensores, dispositivos mecánicos (actuadores) y software, se utilizó el concepto de desarrollo ágil, que fue desarrollado en cada área de estudio, que fueron las siguientes: “Agronomía”, se realizó el estado del arte sobre la caracterización del caso de estudio, en esta  
caracterización se evidenció la humedad de suelo ideal para el Rabanito Crimson Giant está entre 60\% y 65\%; “Electrónica computacional”, donde se estudió sobre microcontroladores, sensores, actuadores, y comunicación inalámbrica, gracias a esto se construyó un “Programador”, que permitió el control de humedades, activación/desactivación de actuadores (bomba, electroválvulas) y envío de datos de forma inalámbrica. Finalmente, “Software”, gracias al sistema escalable permitió la gestión de cultivos, configuración y control de humedades, monitorización en tiempo real, y gracias a al sistema basado en casos es posible asistir sobre humedades de suelo, época de siembra y la forma correcta de siembra para cultivos de tipo tubérculo.},
	journaltitle = {Repositorio Institucional - {UTP}},
	author = {Acuña Melo, Edgar and Aranibar Pumacota, Edwin Jose},
	urldate = {2023-11-30},
	date = {2022},
	note = {Accepted: 2023-03-16T17:25:05Z
Publisher: Universidad Tecnológica del Perú},
	file = {Full Text PDF:C\:\\Users\\Usuario\\Zotero\\storage\\A32N9LJ7\\Acuña Melo y Aranibar Pumacota - 2022 - Desarrollo de un sistema inteligente para el riego.pdf:application/pdf},
}


@article{morcillo_tecnicas_nodate,
	title = {Técnicas de Softcomputing},
	author = {Morcillo, Carlos González},
	langid = {spanish},
	file = {Morcillo - Técnicas de Softcomputing.pdf:C\:\\Users\\Usuario\\Zotero\\storage\\67JCS2Q8\\Morcillo - Técnicas de Softcomputing.pdf:application/pdf},
}


@online{castillo_herrero_desarrollo_2020,
	title = {Desarrollo de una aplicación móvil segura para el acceso a un servidor cloud de datos {IoT} vía {NFC}},
	rights = {https://creativecommons.org/licenses/by-nc-nd/3.0/es/},
	url = {https://oa.upm.es/58135/},
	abstract = {Durante los últimos años hemos asistido al crecimiento exponencial en la relevancia de lo que comúnmente se denomina Internet de las cosas, cuyo objetivo principal es poder dotar a los dispositivos electrónicos de la capacidad de tomar decisiones de manera autónoma, sin la necesidad de la intervención humana. Para que un dispositivo pueda llevar a cabo una toma de decisiones coherente, es imprescindible que disponga de la capacidad de captar información del mundo real de forma que, posteriormente, pueda transformarla al mundo digital, procesarla y ejecutar las acciones que estime oportunas, todo ello en tiempo real. Uno de los elementos más importantes del nodo creado para la captación de dicha información, son los sensores. Existe una gran variedad de tipos de sensores, pero, para el desarrollo del presente documento, se centrará el foco en los sensores de temperatura. A lo largo de las siguientes páginas se desarrolla el procedimiento empleado para la creación de un sistema de gestión, almacenamiento y consulta de los datos registrados por una serie de sensores de temperatura obtenidos a partir de la lectura de la etiqueta {NFC} asociada a dicho sensor. De esta forma, cualquier usuario con una cuenta registrada en la aplicación puede acceder a la información referente al registro histórico de cada uno de los sensores de una manera rápida y sencilla. Para la implementación de dicho sistema de almacenamiento, se ha decidido dividirlo en dos secciones. La primera es la integrada por la parte servidor, compuesta por una Base de Datos y un {API} {REST}. En la Base de Datos se almacena tanto la información referente a los sensores y a la temperatura que han registrado, como la relacionada con los propios usuarios registrados en la aplicación y que hacen uso de ella. Por otro lado, el {API} {REST} se emplea para realizar las operaciones de creación, lectura, escritura y borrado de toda la información almacenada en dicha Base de Datos. La segunda es la parte cliente, conformada en su totalidad por la aplicación móvil con la que interactúa el usuario y que es la encargada de realizar las peticiones a la parte servidor descrita anteriormente. Finalmente, y con el objetivo de dotar de una mayor seguridad al sistema de almacenamiento, cada usuario dispone de un rol concreto que restringe sus acciones dentro de la aplicación.---{ABSTRACT}---Recent years have seen an exponential growth of what is commonly known as Internet of Things ({IoT}), whose main goal is being able to supply electronic devices the ability to make decisions automatically, with no human intervention. In order for the device to carry out an effective decision-making process it is essential to give the device the capacity to capture real world information so that it can easily transform that information into digital terms, process it and execute the actions the device deems appropriate, all done in real time. Sensors are one of the most important elements of the node created to capture this information. There is a wide variety of sensor types. However, in this document, the focus will be on temperature sensors. The following pages develop the procedure used to create the data storage system recorded by a range of temperature sensors obtained from the {NFC} tag read. Thus, any user will be able to access the information contained in the historical record of each temperature sensor in a faster and easier way. Implementation of this storage system has required the division of it into two different sections. The first one consists on server part, made by a Data Base and a {REST} {API}. On the one hand, the Data Base contains all the sensors information and the temperature that they registered. Moreover, it also contains all the information related to registered users who use the application. On the other hand, {REST} {API} is used to create, read, write and delete all the information stored in the Data Base. The second one has to do with client part, which is exclusively shaped by the mobile application, and will be responsible for making requests to the server part described above. With the aim of providing greater security to the storage system, each user is assigned a particular role that restricts his actions within the application.},
	type = {info:eu-repo/semantics/{bachelorThesis}},
	author = {Castillo Herrero, Víctor},
	editora = {García Remesal, Miguel},
	editoratype = {collaborator},
	urldate = {2023-12-05},
	date = {2020-01},
	note = {Place: Madrid, España
Publisher: E.T.S. de Ingenieros Informáticos ({UPM})},
	file = {Full Text PDF:C\:\\Users\\Usuario\\Zotero\\storage\\VFTRWSYR\\Castillo Herrero - 2020 - Desarrollo de una aplicación móvil segura para el .pdf:application/pdf;Snapshot:C\:\\Users\\Usuario\\Zotero\\storage\\L7WVXWTK\\58135.html:text/html},
}


@thesis{ramos_galindo_diseno_2023,
	title = {Diseño de un sistema {IoT} de monitorización de humedad del suelo vía aplicación móvil},
	rights = {Reserva de todos los derechos},
	url = {https://riunet.upv.es/handle/10251/197732},
	abstract = {[{ES}] En esta memoria se expone el desarrollo de una aplicación móvil en Flutter para el monitoreo de humedad, complementada con un sistema de sensores controlados mediante un microcontrolador {ESP}32 y una base de datos en tiempo real de Firebase. El objetivo del proyecto es proporcionar una solución eficiente, accesible  y económica para la adquisición y visualización de datos de humedad en diversos entornos. 
  La aplicación móvil se ha diseñado priorizando una interfaz intuitiva que facilite su utilización a los usuarios. Esta permite a los usuarios acceder a los datos de los sensores en tiempo real para facilitar la detección de problemas en áreas específicas y tomar decisiones rápidamente ante estos. En la aplicación se presentan gráficos interactivos e información para mejorar la comprensión en las variaciones en los niveles de los sensores a los largo del tiempo. 
  El sistema de sensores desarrollado con un {ESP}32, recopila datos de humedad en tiempo real y los transmite a la base de datos de Firebase, garantizando así su disponibilidad instantánea desde la aplicación móvil. El uso de Real Time Database de Firebase nos permite una sincronización aproblematica entre el dispositivo y la aplicación así como una gestión eficiente de los datos.},
	institution = {Universitat Politècnica de València},
	type = {Proyecto/Trabajo fin de carrera/grado},
	author = {Ramos Galindo, Víctor},
	urldate = {2023-12-05},
	date = {2023-10-05},
	note = {Accepted: 2023-10-05T15:13:27Z
Journal Abbreviation: Design of an {IoT}  soil moisture monitoring system via mobile application},
	file = {Full Text PDF:C\:\\Users\\Usuario\\Zotero\\storage\\6H28VHH6\\Ramos Galindo - 2023 - Diseño de un sistema IoT de monitorización de hume.pdf:application/pdf},
}


@article{orozco_jaramillo_diseno_2019,
	title = {Diseño e implementación de una red de sensores para el monitoreo de los niveles de radiación solar en la ciudad de Loja},
	volume = {10},
	issn = {1390-6712},
	url = {https://journal.espe.edu.ec/ojs/index.php/maskay/article/view/1523},
	doi = {10.24133/maskay.v10i1.1523},
	abstract = {The present investigation focused on the design and implementation of a system for monitoring solar radiation levels, in the city of Loja, Ecuador. The solar radiation levels monitoring system is based on the development of a sensor network, in which two ultraviolet ({UV}) sensors have been placed, representing the nodes of the network, these are communicated in a wired way and wireless, with the base station, which represents the core of the network, where data processing, acquisition and management is performed. The base station manages the data collected by the {UV} sensors, these data are linked to an application for mobile phones, with Android operating system, in the application you can visualize the level of solar radiation in real time, the history of the data and the respective preventions, according to the level of the ultraviolet index ({IUV}) presented. In turn, the implementation of a solar light was included, for a direct visualization of solar radiation levels.},
	pages = {44},
	number = {1},
	journaltitle = {{MASKAY}},
	shortjournal = {Maskay},
	author = {Orozco Jaramillo, Kevin Rodrigo and Ordóñez Mendieta, Ángel José},
	urldate = {2023-12-06},
	date = {2019-12-01},
	langid = {spanish},
	file = {Orozco Jaramillo y Ordóñez Mendieta - 2019 - Diseño e implementación de una red de sensores par.pdf:C\:\\Users\\Usuario\\Zotero\\storage\\48RZYEQK\\Orozco Jaramillo y Ordóñez Mendieta - 2019 - Diseño e implementación de una red de sensores par.pdf:application/pdf},
} 

@article{luz_cultivo_2014,
	title = {Cultivo de plantas medicinales en recipientes},
	volume = {19},
	issn = {1028-4796},
	url = {http://scielo.sld.cu/scielo.php?script=sci_abstract&pid=S1028-47962014000100002&lng=es&nrm=iso&tlng=es},
	pages = {4--13},
	number = {1},
	journaltitle = {Revista Cubana de Plantas Medicinales},
	author = {Luz, Acosta de la and Lázara, Lérida},
	urldate = {2023-12-17},
	date = {2014-03},
	note = {Publisher: 1999, Editorial Ciencias Médicas},
	file = {Full Text PDF:C\:\\Users\\Usuario\\Zotero\\storage\\AVTQ8TGN\\Luz y Lázara - 2014 - Cultivo de plantas medicinales en recipientes.pdf:application/pdf},
}

@article{peris_para_nodate,
	title = {{PARA} {PRODUCCION} {DE} {PLANTA} A {PIE} {DE} {REPOBLACION}},
	author = {Peris, Francisco Javier {JIMENEZ}},
	langid = {spanish},
	file = {Peris - PARA PRODUCCION DE PLANTA A PIE DE REPOBLACION.pdf:C\:\\Users\\Usuario\\Zotero\\storage\\TEYCB92E\\Peris - PARA PRODUCCION DE PLANTA A PIE DE REPOBLACION.pdf:application/pdf},
}


@article{bascon_pantoja_patron_2004,
	title = {El patrón de diseño Modelo-Vista-Controlador ({MVC}) y su implementación en Java Swing},
	volume = {2},
	issn = {1683-0789},
	url = {http://www.scielo.org.bo/scielo.php?script=sci_abstract&pid=S1683-07892004000100005&lng=es&nrm=iso&tlng=es},
	pages = {493--507},
	number = {4},
	journaltitle = {Acta Nova},
	author = {Bascón Pantoja, Ernesto},
	urldate = {2023-12-19},
	date = {2004-12},
	langid = {spanish},
	note = {Publisher: Universidad Católica Boliviana},
	file = {Full Text PDF:C\:\\Users\\Usuario\\Zotero\\storage\\HP779MWL\\Bascón Pantoja - 2004 - El patrón de diseño Modelo-Vista-Controlador (MVC).pdf:application/pdf},
}


@thesis{cabezas_orellana_alisis_2023,
	title = {Análisis para el diseño de un sistema que gestione la bolsa de empleo y pasantías en la {FAFI} usando metodología {XP} Programming.},
	rights = {Atribución-{NoComercial}-{SinDerivadas} 3.0 Ecuador},
	url = {http://dspace.utb.edu.ec/handle/49000/13967},
	abstract = {Este caso de estudio aborda el análisis para el diseño de un sistema que gestione la bolsa de empleo y pasantías en la Facultad de Administración, Finanzas e Informática ({FAFI}) de la Universidad Técnica de Babahoyo, utilizando la metodología {XP} Programming. El objetivo principal es facilitar a los estudiantes y graduados el acceso a oportunidades laborales y a las empresas la posibilidad de seleccionar a los candidatos más adecuados para sus necesidades. Se llevaron a cabo entrevistas a la coordinadora de la bolsa de empleo de la facultad y encuestas a los graduados para identificar los requisitos y necesidades principales de los estudiantes y graduados, lo cual permitió definir las funcionalidades y características esenciales del sistema propuesto. Además, se diseñó una estructura de base de datos, se definieron los módulos principales del sistema y se diseñaron las interfaces de usuario. Se analizaron las factibilidades técnica, económica y operativa del proyecto, concluyendo que es viable y que su implementación podría generar beneficios significativos para la {FAFI}, sus estudiantes y graduados, así como para las empresas interesadas en contratar a profesionales formados en esta institución. Este caso de estudio ha permitido desarrollar un análisis detallado para un sistema de gestión de bolsa de empleo y pasantías en la {FAFI}, tomando en cuenta las necesidades y expectativas de los actores involucrados y utilizando una metodología adecuada para el proyecto. La implementación de este sistema podría generar beneficios significativos para la {FAFI}, sus estudiantes y graduados, y las empresas interesadas en contratar a profesionales formados en esta institución.},
	institution = {Babahoyo: {UTB}-{FAFI}. 2023},
	type = {{bachelorThesis}},
	author = {Cabezas Orellana, Hugo Eliezer},
	urldate = {2023-12-19},
	date = {2023},
	langid = {spanish},
	note = {Accepted: 2023-05-26T01:21:45Z},
	file = {Full Text PDF:C\:\\Users\\Usuario\\Zotero\\storage\\DNJBYD82\\Cabezas Orellana - 2023 - Análisis para el diseño de un sistema que gestione.pdf:application/pdf},
}

